@article{floydparadigms,
	title = {The Paradigms of Programming},
	volume = {22},
	issn = {0001-0782},
	pages = {455--460},
	number = {8},
	journal = {Commun. {ACM}},
	author = {Floyd, Robert W.},
	urldate = {2015-08-19},
	date = {1979-08},
	year = {1979}
}

@article{mccarthyhistory,
	title = {History of {LISP}},
	volume = {13},
	issn = {0362-1340},
	pages = {217--223},
	number = {8},
	journal = {{SIGPLAN} Not.},
	author = {{McCarthy}, John},
	date = {1978-08},
	year = {1978}
}

@inproceedings{ritchiedevelopment,
	location = {New York, {NY}, {USA}},
	title = {The Development of the C Language},
	isbn = {0-89791-570-4},
	series = {{HOPL}-{II}},
	pages = {201--208},
	booktitle = {The Second {ACM} {SIGPLAN} Conference on History of Programming Languages},
	publisher = {{ACM}},
	author = {Ritchie, Dennis M.},
	date = {1993},
	year = {1993}
}

@article{steelegrowing,
	title = {Growing a Language},
	volume = {12},
	issn = {1388-3690},
	pages = {221--236},
	number = {3},
	journal = {Higher Order Symbol. Comput.},
	author = {Steele, Jr., Guy L.},
	date = {1999-10},
	year = {1999}
	
}

@article{vanroyprogramming,
	title = {Programming Paradigms for Dummies: What Every Programmer Should Know},
	shorttitle = {Programming Paradigms for Dummies},
	journal = {New Computational Paradigms for Computer Music},
	author = {Van Roy, P.},
	date = {2009},
	year = {2009}
}